@Manual{bitcoin,
  author =	 {Satoshi Nakamoto},
  title = 	 {Bitcoin: A Peer-to-Peer Electronic Cash System},
  year =	 2008,
  url = {https://bitcoin.org/bitcoin.pdf}
}

@misc{tor-repeatable-builds,
  author = {Mike Perry},
  title = {Deterministic Builds Part Two: Technical Details},
  url = {https://blog.torproject.org/blog/deterministic-builds-part-two-technical-details},
  month = oct,
  year = 2013,
}

@misc{debian-reproducible-builds,
  author = {{Debian}},
  title = {Reproducible Builds},
  url = {https://wiki.debian.org/ReproducibleBuilds},
}

@misc{tpm-specs,
  author = {{Trusted Computing Group}},
  title = {Trusted Computing Group -- {D}evelopers -- {T}rusted Platform Module},
  url = {https://www.trustedcomputinggroup.org/developers/trusted_platform_module},
  year = 2014,
}

@TechReport{RFC:6962,
  author =       {B. Laurie and A. Langley and E. Kasper},
  title =        {Certificate Transparency},
  institution =  {Internet Engineering Task Force (IETF)},
  year =         2013,
  month =        jun,
  type =         {RFC},
  number =       6962,
}

@misc{namecoin,
  title = {Namecoin},
  year = {2014},
  url = {http://namecoin.info},
}

@misc{electrum,
  title = {Electrum {Bitcoin} Wallet},
  url = {https://electrum.org},
  year = {2014},
}

@inproceedings{blelloch:shi-app,
  author = {Guy E. Blelloch and Daniel Golovin},
  title = {Strongly History-Independent Hashing with Applications},
  booktitle = POT # " 48th Annual IEEE Symposium on Foundations of Computer Science",
  year = 2007,
  month = oct,
  address = {Providence, RI}
}

@inproceedings{golovin:btreap,
  author = {Daniel Golovin},
  title = {B-Treaps: A Uniquely Represented Alternative to {B-Trees}},
  booktitle = POT # " 36th International Colloquium on Automata,
Languages and Programming",
  year = 2009,
  month = jul,
  address = {Rhodes, Greece},
}

@inproceedings{naor:hids,
  author = {Moni Naor and Vanessa Teague},
  title = {Anti-persistence: History Independent Data Structures},
  booktitle = POT # " 33rd" # STOC,
  month =  jul,
  year = 2001,
  address = {Heraklion, Greece},
}

@inproceedings{yavuz:logfas,
  author = {Attila A. Yavuz and Peng Ning and Michael K. Reiter},
  title = {Efficient, Compromise Resilient and Append-only
           Cryptographic Schemes for Secure Audit Logging},
  booktitle = POT # " 16th International Conference on Financial Cryptography and Data Security",
  year = 2012,
  month= feb,
  address = {Bonaire},
}

@inproceedings{crosby:tamperlog,
  author = {Scott A. Crosby and Dan S. Wallach},
  title = {Efficient Data Structures for Tamper-Evident Logging},
  crossref = {USEC09},
}

@inproceedings{papadopoulos:cads,
  author = {Stavros Papadopoulos and Yin Yang and Dimitris Papadias},
  title = {{CADS}: Continuous Authentication on Data Streams},
  crossref = {VLDB07},
}

@article{crosby:pad,
  author = {Scott A. Crosby},
  title = {Authenticated Dictionaries: Real-World Costs and Trade-offs},
  journal = TISSEC,
  volume = 14,
  number = 2,
  month = sep,
  year = 2011,
}

@inproceedings{tamassia:ads,
   author              = {Roberto Tamassia},
   title               = {Authenticated Data Structures.},
   booktitle           = POT # {11th Annual European Symposium on Algorithms (ESA)},
   month = sep,
   year                = {2003},
   pages               = {2-5},
   address = {Budapest, Hungary},
}

@inproceedings{versum:ccs14,
  title        = {{VerSum}: Verifiable computations over large public
    logs},
  author       = {Jelle van den Hooff and M. Frans Kaashoek and
    Nickolai Zeldovich},
  booktitle    = {Proceedings of the 21st {ACM} Conference on Computer
    and Communications Security ({CCS 2014})},
  year         = 2014,
  month        = nov,
  address      = {Scottsdale, AZ},
}
